@article{ONETEP,
  Author    = {C.-K. Skylaris, P. D. Haynes, A. A. Mostofi, M. C. Payne},
  Title     = {Introducing {ONETEP}: Linear-scaling density functional simulations on parallel computers},
  Journal   = {J. Chem. Phys.},
  Year      = {2005},
  Volume    = {122},
  Pages     = {084119},
  Abstract  = {The standard ONETEP reference}
}
 
@article{DISP,
  Author    = {Q. Hill and C.-K. Skylaris},
  Title     = {Including dispersion interactions in the ONETEP program for linear-scaling density functional theory calculations},
  Journal   = {Proc. R. Soc. A},
  Year      = {2009},
  Volume    = {465},
  Pages     = {669},
  Abstract  = {Empirical Dispersion Corrections}
}
 
@article{EMBEDDING,
  Author    = {S. J. Fox., C. Pittock, T. Fox, C. Tautermann, N. Malcolm, and C.-K. Skylaris},
  Title     = {Electrostatic embedding in large-scale first principles quantum mechanical calculations on biomolecules},
  Journal   = {J. Chem. Phys.},
  Year      = {2011},
  Volume    = {135},
  Pages     = {224107},
  Abstract  = {Description of Electrostatic Embedding techniques used in ONETEP}
}
 
@article{HFX,
  Author    = {J. Dziedzic, J. C. Womack, R. Ali and C.-K. Skylaris},
  Title     = {Massively parallel linear-scaling Hartree-Fock exchange and hybrid exchange-correlation functionals with plane wave basis set accuracy},
  Journal   = {J. Chem. Phys.},
  Year      = {2021},
  Volume    = {155},
  Pages     = {224106},
  Abstract  = {Hartree-Fock exchange and hybrid functional calculations with ONETEP}
}
 
@article{JCP_special_2020,
  Author    = {Prentice, Joseph C. A. and Aarons, Jolyon and Womack, James C. and Allen, Alice E. A. and Andrinopoulos, Lampros and Anton, Lucian and Bell, Robert A. and Bhandari, Arihant and Bramley, Gabriel A. and Charlton, Robert J. and Clements, Rebecca J. and Cole, Daniel J. and Constantinescu, Gabriel and Corsetti, Fabiano and Dubois, Simon M.-M. and Duff, Kevin K. B. and Escartin, Jose Maria and Greco, Andrea and Hill, Quintin and Lee, Louis P. and Linscott, Edward and O`Regan, David D. and Phipps, Maximillian J. S. and Ratcliff, Laura E. and Ruiz Serrano, Alvaro and Tait, Edward W. and Teobaldi, Gilberto and Vitale, Valerio and Yeung, Nelson and Zuehlsdorff, Tim J. and Dziedzic, Jacek and Haynes, Peter D. and Hine, Nicholas D. M. and Mostofi, Arash A. and Payne, Mike C. and Skylaris, Chris-Kriton},
  Title     = {The {ONETEP} linear-scaling density functional theory program},
  Journal   = {J. Chem. Phys.},
  Year      = {2020},
  Volume    = {152},
  Pages     = {174111},
  Abstract  = {ONETEP reference paper}
}
 
